@book{woo1991toll,
  title={Toll plaza capacity and level of service},
  author={Woo, T Hugh and Hoel, Lester A},
  number={1320},
  year={1991}
}
@article{al1996evaluating,
	title={Evaluating the improvements in traffic operations at a real-life toll plaza with electronic toll collection},
	author={Al-Deek, HM and Radwan, AE and Mohammed, AA and Klodzinski, JG},
	journal={Journal of Intelligent Transportation Systems},
	volume={3},
	number={3},
	pages={205--223},
	year={1996},
	publisher={Taylor \& Francis}
}
@article{papageorgiou2008real,
	title={Real-time merging traffic control with applications to toll plaza and work zone management},
	author={Papageorgiou, M and Papamichail, Ioannis and Spiliopoulou, AD and Lentzakis, AF},
	journal={Transportation Research Part C: Emerging Technologies},
	volume={16},
	number={5},
	pages={535--553},
	year={2008},
	publisher={Elsevier}
}
@article{spiliopoulou2009toll,
	title={Toll plaza merging traffic control for throughput maximization},
	author={Spiliopoulou, Anastasia D and Papamichail, Ioannis and Papageorgiou, Markos},
	journal={Journal of Transportation Engineering},
	volume={136},
	number={1},
	pages={67--76},
	year={2009},
	publisher={American Society of Civil Engineers}
}
 @misc{ wiki:autonomous,
	author = {Wikipedia},
	title = {Autonomous car --- {W}ikipedia{,} The Free Encyclopedia},
	year = {2017},
	url = {https://en.wikipedia.org/wiki/Autonomous_car},
	note ={[Online; 22 January 2017â€Ž]}
}
@article{zhou1997relationship,
	title={Relationship between volume-to-capacity ratios and accident rates},
	author={Zhou, Min and Sisiopiku, Virginia},
	journal={Transportation Research Record: Journal of the Transportation Research Board},
	number={1581},
	pages={47--52},
	year={1997},
	publisher={Transportation Research Board of the National Academies}
}
@article{vickrey1969congestion,
	title={Congestion theory and transport investment},
	author={Vickrey, William S},
	journal={The American Economic Review},
	volume={59},
	number={2},
	pages={251--260},
	year={1969},
	publisher={JSTOR}
}