@book{任福田2003交通工程学,
  title={交通工程学},
  author={任福田 and 刘小明 and 荣建},
  year={2003},
  publisher={人民交通出版社}
}
@phdthesis{李向朋2014城市交通拥堵对策—封闭型小区交通开放研究,
	title={城市交通拥堵对策—封闭型小区交通开放研究},
	author={李向朋},
	school={长沙理工大学},
	year={2014},
}
@article{Braess1968Ü,
	title={Über ein Paradoxon aus der Verkehrsplanung},
	author={Braess, Priv. Doz. D.},
	journal={Unternehmensforschung},
	volume={12},
	number={1},
	pages={258-268},
	year={1968},
}
@article{pas1997braess,
	title={Braess' paradox: Some new insights},
	author={Pas, Eric I and Principio, Shari L},
	journal={Transportation Research Part B: Methodological},
	volume={31},
	number={3},
	pages={265--276},
	year={1997},
	publisher={Elsevier}
}
@article{郑远2007美国联邦公路局路阻函数探讨,
	title={美国联邦公路局路阻函数探讨},
	author={郑远 and 杜豫川 and 孙立军},
	journal={交通与运输},
	volume={23},
	number={B07},
	pages={24--26},
	year={2007}
}
@article{陆化普1996动态交通分配理论的回顾与展望,
	title={动态交通分配理论的回顾与展望},
	author={陆化普 and 史其信 and 殷亚峰},
	journal={公路交通科技},
	volume={13},
	number={2},
	pages={34--43},
	year={1996}
}
@Online{国外街区制是如何完美炼成,
	url = {http://www.jt12345.com/article-43188-1.html},
	note = {Accessed April 4, 2010},
	title = {国外街区制是如何完美炼成？},
	author = {世纪交通网}
}
