
@phdthesis{金希东1996遗传算法及其应用,
	title={遗传算法及其应用},
	author={金希东},
	school={西南交通大学},
	year={1996},
}
@article{Thomas2013算法导论,
	title={算法导论(原书第3版)},
	author={Thomas and H.Cormen and Charles and E.Leiserson and Ronald and L.Rivest and Clifford and Stein and 殷建平 and 徐云},
	journal={计算机教育},
	number={12},
	pages={51-51},
	year={2013},
}
@article{苗夺谦1999知识约简的一种启发式算法,
	title={知识约简的一种启发式算法},
	author={苗夺谦 and 胡桂荣},
	journal={计算机研究与发展},
	volume={36},
	number={6},
	pages={681-684},
	year={1999},
}
@article{Rossum1995Pythona,
	title={Python 3 Reference Manual},
	author={Rossum, Guido Van and Drake, Fred L.},
	journal={Department of Computer Science [CS]},
	volume={111},
	number={254},
	pages={1–52},
	year={1995},
}
@article{Oliphant2007Python,
	title={Python for Scientific Computing},
	author={Oliphant, Travis E.},
	journal={Computing in Science \& Engineering},
	volume={9},
	number={3},
	pages={10-20},
	year={2007},
}
@article{贺红2002随机算法的一般性原理,
	title={随机算法的一般性原理},
	author={贺红 and 马绍汉},
	journal={计算机科学},
	volume={29},
	number={1},
	pages={90-92},
	year={2002},
}
@article{王雪梅1997模拟退火算法与遗传算法的结合,
	title={模拟退火算法与遗传算法的结合},
	author={王雪梅 and 王义和},
	journal={计算机学报},
	number={4},
	pages={381-384},
	year={1997},
}
@article{胡中功2008群智能算法的研究进展,
	title={群智能算法的研究进展},
	author={胡中功 and 李静},
	journal={自动化技术与应用},
	volume={27},
	number={2},
	pages={13-15},
	year={2008},
}
@book{Segaran2007Programming,
	title={Programming Collective Intelligence: Building Smart Web 2.0 Applications},
	author={Segaran, Toby},
	year={2007},
}
@article{张铃2000遗传算法机理的研究,
	title={遗传算法机理的研究},
	author={张铃 and 张拔},
	journal={软件学报},
	volume={11},
	number={7},
	pages={000945-952},
	year={2000},
}
@article{梅虎2007旅客航班选择模型研究,
	title={旅客航班选择模型研究:变精度粗集方法},
	author={梅虎 and 朱金福 and 汪侠},
	journal={管理评论},
	volume={19},
	number={3},
	pages={27-32},
	year={2007},
}
@article{戴书文2005组合优化中启发式算法的研究分析,
	title={组合优化中启发式算法的研究分析},
	author={戴书文},
	journal={淮南职业技术学院学报},
	volume={5},
	number={1},
	pages={72-74},
	year={2005},
}
@book{王凌2001智能优化算法及其应用,
	title={智能优化算法及其应用},
	author={王凌},
	publisher={施普林格出版社},
	year={2001},
}
@book{赵静2008数学建模与数学实验,
	title={数学建模与数学实验},
	author={赵静 and 但琦 and others},
	year={2008},
	publisher={北京: 高等教育出版社}
}
@article{黄小荣2001航班收益分析与最佳航班安排,
	title={航班收益分析与最佳航班安排},
	author={黄小荣},
	journal={中国民航大学学报},
	volume={19},
	number={6},
	pages={19-22},
	year={2001},
}
@article{陈冬芳2005全局最优化算法及其应用,
	title={全局最优化算法及其应用},
	author={陈冬芳 and 薛继伟 and 张漫},
	journal={东北石油大学学报},
	volume={29},
	number={1},
	pages={89-93},
	year={2005},
}
@article{Goldberg1989Genetic,
	title={Genetic Algorithm in Search Optimization and Machine Learning},
	author={Goldberg, D. E},
	journal={Addison Wesley},
	volume={xiii},
	number={7},
	pages={2104–2116},
	year={1989},
}
@article{肖芸2012航空业发展对中国旅游业的影响研究,
	title={航空业发展对中国旅游业的影响研究},
	author={肖芸},
	journal={经济研究导刊},
	number={20},
	pages={43-45},
	year={2012},
}
@article{高尚2002模拟退火算法中的退火策略研究,
	title={模拟退火算法中的退火策略研究},
	author={高尚},
	journal={航空计算技术},
	volume={32},
	number={4},
	pages={20-22},
	year={2002},
}
@article{Huhn2007Interior,
	title={Interior Point Methods for Linear Optimization},
	author={Huhn, Petra},
	journal={Mathematical Methods of Operations Research},
	volume={65},
	number={1},
	pages={193-194},
	year={2007},
}
@inproceedings{Xiao2004A,
	title={A modified adaptive hill climbing MPPT method for photovoltaic power systems},
	author={Xiao, Weidong and Dunford, W. G},
	booktitle={Power Electronics Specialists Conference, 2004. Pesc 04. 2004 IEEE},
	pages={1957-1963 Vol.3},
	year={2004},
}
@book{Kirkpatrick1987Optimization,
	title={Optimization by simulated annealing},
	author={Kirkpatrick, S. and Vecchi, M. P.},
	publisher={Morgan Kaufmann Publishers Inc.},
	pages={339-348},
	year={1987},
}
