@article{楼建华2003数学建模与数学实验,
  title={数学建模与数学实验},
  author={楼建华},
  journal={黑龙江高教研究},
  number={3},
  pages={126--127},
  year={2003}
}
@article{饶卫振2012基于求解,
  title={基于求解 TSP 问题的改进贪婪算法},
  author={饶卫振 and 金淳},
  journal={运筹与管理},
  volume={21},
  number={6},
  pages={1--9},
  year={2012}
}
@article{held1970traveling,
	title={The traveling-salesman problem and minimum spanning trees},
	author={Held, Michael and Karp, Richard M},
	journal={Operations Research},
	volume={18},
	number={6},
	pages={1138--1162},
	year={1970},
	publisher={INFORMS}
}